
@book{jech_set_2006,
	address = {Berlin, Heidelberg},
	edition = {3rd ed},
	series = {Springer {Monographs} in {Mathematics} {Ser}},
	title = {Set {Theory}: {The} {Third} {Millennium} {Edition}, {Revised} and {Expanded}},
	isbn = {978-3-540-44761-0},
	shorttitle = {Set {Theory}},
	language = {eng},
	publisher = {Springer Berlin / Heidelberg},
	author = {Jech, Thomas J.},
	year = {2006},
}
