@BOOK{Matsumura1989-ab,
  title     = "Cambridge studies in advanced mathematics: Commutative ring
               theory series number 8",
  author    = "Matsumura, Hideyuki",
  publisher = "Cambridge University Press",
  month     =  may,
  year      =  1989,
  address   = "Cambridge, England",
  language  = "en"
}
@BOOK{Atiyah1969-ud,
  title     = "Introduction to Commutative Algebra",
  author    = "Atiyah, Michael and Macdonald, I G",
  publisher = "Longman Higher Education",
  series    = "Addison-Wesley series in mathematics",
  month     =  jun,
  year      =  1969,
  address   = "Harlow, England",
  language  = "en"
}
@BOOK{Munkres1999-if,
  title     = "Topology",
  author    = "Munkres, James R",
  publisher = "Pearson",
  edition   =  2,
  month     =  dec,
  year      =  1999,
  address   = "Upper Saddle River, NJ",
  language  = "en"
}
@BOOK{Hungerford2011-ze,
  title     = "Algebra",
  author    = "Hungerford, Thomas W",
  publisher = "Springer",
  series    = "Graduate Texts in Mathematics",
  month     =  oct,
  year      =  2011,
  address   = "New York, NY",
  language  = "en"
}
@misc{milneCA,
    author={Milne, James S.},
    title={March 23, 2020, v4.03},
    year={2020},
    note={Available at www.jmilne.org/math/ },
    pages={113}
}
@BOOK{Hartshorne1997-sl,
  title     = "Algebraic geometry",
  author    = "Hartshorne, Robin",
  publisher = "Springer",
  series    = "Graduate Texts in Mathematics",
  edition   =  1,
  month     =  apr,
  year      =  1997,
  address   = "New York, NY",
  language  = "en"
}
