
@book{mac_lane_categories_1998,
	address = {New York},
	edition = {Second edition},
	series = {Graduate texts in mathematics},
	title = {Categories for the working mathematician},
	isbn = {978-1-4757-4721-8},
	abstract = {Graduate Texts in Mathematics 5 -- Categories for the Working Mathematician Second Edition -- Copyright -- Preface to the Second Edition -- Preface to the First Edition -- Contents -- Introduction -- I. Categories, Functors, and Natural Transformations -- II. Constructions on Categories -- III. Universals and Limits -- IV. Adjoints -- V. Limits -- VI. Monads and Algebras -- VII. Monoids -- VIII. Abelian Categories -- IX. Special Limits -- X. Kan Extensions -- XI. Symmetry and Braidings in Monoidal Categories -- Appendix. Foundations -- Table of Standard Categories: Objects and Arrows -- Table of Terminology -- Bibliography -- Index},
	language = {eng},
	number = {5},
	publisher = {Springer Science+Business Media, LLC},
	author = {Mac Lane, Saunders},
	year = {1998},
}

@book{jech_set_2006,
	address = {Berlin, Heidelberg},
	edition = {3rd ed},
	series = {Springer {Monographs} in {Mathematics} {Ser}},
	title = {Set {Theory}: {The} {Third} {Millennium} {Edition}, {Revised} and {Expanded}},
	isbn = {978-3-540-44761-0},
	shorttitle = {Set {Theory}},
	language = {eng},
	publisher = {Springer Berlin / Heidelberg},
	author = {Jech, Thomas J.},
	year = {2006},
}

@book{mendelson_introduction_2015,
	address = {Boca Raton},
	edition = {6th ed},
	series = {Textbooks in mathematics},
	title = {Introduction to mathematical logic},
	isbn = {978-1-4822-3772-6},
	language = {eng},
	publisher = {CRC press},
	author = {Mendelson, Elliott},
	year = {2015},
}

@book{nederpelt_type_2014,
	address = {West Nyack},
	edition = {1st ed},
	title = {Type {Theory} and {Formal} {Proof}: {An} {Introduction}},
	isbn = {978-1-139-56772-5},
	shorttitle = {Type {Theory} and {Formal} {Proof}},
	abstract = {Cover -- Half-title -- Title page -- Copyright information -- Dedication -- Table of contents -- Foreword -- Preface -- Acknowledgements -- Greek alphabet -- 1 Untyped lambda calculus -- 1.1 Input-output behaviour of functions -- 1.2 The essence of functions -- 1.3 Lambda-terms -- 1.4 Free and bound variables -- 1.5 Alpha conversion -- 1.6 Substitution -- 1.7 Lambda-terms modulo α-equivalence -- 1.8 Beta reduction -- 1.9 Normal forms and confluence -- 1.10 Fixed Point Theorem -- 1.11 Conclusions -- 1.12 Further reading -- Exercises -- 2 Simply typed lambda calculus -- 2.1 Adding types -- 2.2 Simple types -- 2.3 Church-typing and Curry-typing -- 2.4 Derivation rules for Church's λ → -- 2.5 Different formats for a derivation in λ → -- 2.6 Kinds of problems to be solved in type theory -- 2.7 Well-typedness in λ → -- 2.8 Type Checking in λ → -- 2.9 Term Finding in λ → -- 2.10 General properties of λ → -- 2.11 Reduction and λ → -- 2.12 Consequences -- 2.13 Conclusions -- 2.14 Further reading -- Exercises -- 3 Second order typed lambda calculus -- 3.1 Type-abstraction and type-application -- 3.2 Π-types -- 3.3 Second order abstraction and application rules -- 3.4 The system λ2 -- 3.5 Example of a derivation in λ2 -- 3.6 Properties of λ2 -- 3.7 Conclusions -- 3.8 Further reading -- Exercises -- 4 Types dependent on types -- 4.1 Type constructors -- 4.2 Sort-rule and var-rule in λ underline ω -- 4.3 The weakening rule in λ underline ω -- 4.4 The formation rule in λ underline ω -- 4.5 Application and abstraction rules in λ underline ω -- 4.6 Shortened derivations -- 4.7 The conversion rule -- 4.8 Properties of λ underline ω -- 4.9 Conclusions -- 4.10 Further reading -- Exercises -- 5 Types dependent on terms -- 5.1 The missing extension -- 5.2 Derivation rules of λP -- 5.3 An example derivation in λP -- 5.4 Minimal predicate logic in λP},
	language = {eng},
	publisher = {Cambridge University Press},
	author = {Nederpelt, Rob},
	collaborator = {Geuvers, Herman},
	year = {2014},
}

@book{hindley_lambda-calculus_2008,
	address = {Cambridge, UK ; New York},
	title = {Lambda-calculus and combinators, an introduction},
	isbn = {978-0-521-89885-0},
	publisher = {Cambridge University Press},
	author = {Hindley, J. Roger and Seldin, J. P.},
	year = {2008},
	note = {OCLC: ocn192045757},
	keywords = {Combinatory logic, Lambda calculus},
}
